% Encoding: UTF-8

@Article{,
  author    = {FAO},
  title     = {Background to JEMRA},
  owner     = {cindycheng},
  timestamp = {2018.02.24},
}

@Book{macmaolain:2015,
  title     = {Food Law: European, Domestic and International Frameworks},
  publisher = {Bloomsbury Publishing},
  year      = {2015},
  author    = {MacMaol{\'a}in, Caoimh{\'\i}n},
  owner     = {cindycheng},
  timestamp = {2019.09.17},
}

@InBook{arcuri:2015,
  chapter   = {Global Food Safety Standards: The Evolving Regulatory Epistemology at the Intersection of the SPS Agreement and the Codex Alimentarius Commission},
  pages     = {79-103},
  title     = {The Law, Economics and Politics of International Standardisation},
  publisher = {Cambridge University Press},
  year      = {2015},
  author    = {Alessandra Arcuri},
  editor    = {Panagiotis Delimatsis},
  owner     = {cindycheng},
  timestamp = {2018.02.11},
}

@InCollection{downes:2014,
  author    = {Downes, Chris},
  title     = {Is Codex Alimentarius All Talk? The Importance of Standards in Transnational Food Governance},
  booktitle = {The Impact of WTO SPS Law on EU Food Regulations},
  publisher = {Springer},
  year      = {2014},
  pages     = {205--243},
  owner     = {cindycheng},
  timestamp = {2019.09.17},
}

@Book{buthe:2011,
  title     = {The New Global Rulers: The Privatization of Regulation in the World Economy},
  publisher = {Princeton University Press},
  year      = {2011},
  author    = {B{\"u}the, Tim and Mattli, Walter},
  owner     = {cindycheng},
  timestamp = {2019.09.17},
}

@Article{buthe_harris:2011,
  author    = {B{\"u}the, Tim and Harris, Nathaniel},
  title     = {Codex Alimentarius Commission},
  journal   = {Handbook of Transnational Governance: New Institutions and Innovations, Cambridge: Polity},
  year      = {2011},
  pages     = {219--228},
  owner     = {cindycheng},
  timestamp = {2019.09.17},
}

@PhdThesis{ramsingh:2011,
  author    = {Ramsingh, Brigit Lee Naida},
  title     = {The History of International Food Safety Standards and the Codex Alimentarius (1955-1995)},
  school    = {University of Toronto},
  year      = {2011},
  owner     = {cindycheng},
  timestamp = {2019.09.17},
}

@Article{foster:2011,
  author    = {Foster, S},
  title     = {A Brief History of Adulteration of Herbs, Spices, and Botanical Drugs},
  journal   = {HerbalGram},
  year      = {2011},
  volume    = {92},
  pages     = {42--57},
  owner     = {cindycheng},
  timestamp = {2019.09.17},
}

@Article{winickoff_bushey:2010,
  author    = {Winickoff, David E and Bushey, Douglas M},
  title     = {Science and Power in Global Food Regulation: The Rise of the Codex Alimentarius},
  journal   = {Science, Technology, \& Human Values},
  year      = {2010},
  volume    = {35},
  number    = {3},
  pages     = {356--381},
  owner     = {cindycheng},
  publisher = {Sage Publications Sage CA: Los Angeles, CA},
  timestamp = {2019.09.17},
}

@InBook{buthe:2009,
  chapter   = {The Politics of Food Safety in the Age of Global Trade: The Codex Alimentarius Commission in the SPS-agreement of the WTO},
  pages     = {88--109},
  title     = {Import Safety: Regulatory Governance in the Global Economy},
  publisher = {University of Pennsylvania Press Philadelphia, PA},
  year      = {2009},
  author    = {B{\"u}the, Tim and},
  editor    = {Coglianese, Cary and Finkel, Adam and Zaring, David},
  journal   = {Import Safety: Regulatory Governance in the Global Economy},
  owner     = {cindycheng},
  timestamp = {2019.09.17},
}

@Article{smythe:2009,
  author    = {Smythe, Elizabeth},
  title     = {In Whose Interests? Transparency and Accountability in the Global Governance of Food: Agribusiness, the Codex Alimentarius, and the World Trade Organization},
  journal   = {Corporate Power in Global Agrifood Governance},
  year      = {2009},
  volume    = {107},
  owner     = {cindycheng},
  publisher = {MIT Press Cambridge, MA},
  timestamp = {2019.09.17},
}

@Book{wilson:2008,
  title     = {Swindled: From Poison Sweets to Counterfeit Coffee: the Dark History of the Food Cheats},
  publisher = {Princeton University Press},
  year      = {2008},
  author    = {Wilson, Bee},
  address   = {Princeton},
  owner     = {cindycheng},
  timestamp = {2019.09.17},
}

@Book{codex:2007,
  title     = {Codex Alimentarius Commission: Procedural Manual},
  publisher = {FAO},
  year      = {2007},
  author    = {Codex Alimentarius Commission and Joint FAO/WHO Food Standards Programme and World Health Organization},
  owner     = {cindycheng},
  timestamp = {2019.09.17},
}

@Article{fao:2006,
  author    = {FAO},
  title     = {Food Security},
  journal   = {FAO Agriculture and Development Economics Division},
  year      = {2006},
  number    = {2},
  owner     = {cindycheng},
  timestamp = {2018.02.08},
}

@Article{faowho:2006,
  author    = {FAO/WHO},
  title     = {Fact Sheet --- What is JECFA?},
  year      = {2006},
  owner     = {cindycheng},
  timestamp = {2018.02.24},
}

@InBook{huller_maier:2006,
  chapter   = {Fixing the Codex? Global Food Safety Governance Under Review},
  pages     = {267-299},
  title     = {Constitutionalism, Multilevel Trade Governance and Social Regulation},
  publisher = {Hart Publishing},
  year      = {2006},
  author    = {Huller, Thorsten and Maier, Matthias Leonhard},
  editor    = {Christian Jeorges and Ernst-Ulrich Petersmann},
  owner     = {cindycheng},
  timestamp = {2018.02.24},
}

@Article{suppan:2006,
  author    = {Suppan, Steve},
  title     = {Codex Standards and Consumer Rights},
  journal   = {Consumer Policy Review},
  year      = {2006},
  volume    = {16},
  number    = {1},
  pages     = {5},
  owner     = {cindycheng},
  publisher = {CONSUMERS'ASSOCIATION},
  timestamp = {2019.09.17},
}

@Article{livermore:2006,
  author    = {Livermore, Michael A},
  title     = {Authority and Legitimacy in Global Governance: Deliberation, Institutional Differentiation, and the Codex Alimentarius},
  journal   = {NYUL Rev.},
  year      = {2006},
  volume    = {81},
  pages     = {766},
  owner     = {cindycheng},
  publisher = {HeinOnline},
  timestamp = {2019.09.17},
}

@Article{colely:2005,
  author    = {Colely, Noel},
  title     = {The Fight Against Food Adulteration},
  journal   = {The Royal Society of Chemistry},
  year      = {2005},
  owner     = {cindycheng},
  timestamp = {2018.02.09},
  url       = {https://eic.rsc.org/feature/the-fight-against-food-adulteration/2020253.article},
}

@Article{veggeland:2005,
  author    = {Veggeland, Frode and Borgen, Svein Ole},
  title     = {Negotiating International Food Standards: The World Trade Organization's Impact on the Codex Alimentarius Commission},
  journal   = {Governance},
  year      = {2005},
  volume    = {18},
  number    = {4},
  pages     = {675--708},
  owner     = {cindycheng},
  publisher = {Wiley Online Library},
  timestamp = {2019.09.17},
}

@InCollection{billy:2003,
  author    = {Billy, Thomas},
  title     = {Report of the Evaluation of the Codex Alimentarius Commission},
  year      = {2003},
  owner     = {cindycheng},
  timestamp = {2019.09.17},
}

@InBook{prevost:2007,
  chapter   = {The Agreement on the Application of Sanitary and Phytosanitary Measures},
  pages     = {233-370},
  title     = {The World Trade Organization: Legal, Economic and Political Analysis},
  publisher = {Springer Science \& Business Media},
  year      = {2001},
  author    = {Prevost, Denise and Van den Bossche, Peter},
  editor    = {Macrory, Patrick and Appleton, Arthur E and Plummer, Michael G},
  owner     = {cindycheng},
  timestamp = {2018.02.21},
}

@Article{keefe:2000,
  author    = {Keefe, Dennis and Kuznesof, Paul and Carberry, Susan and Rulis, Alan},
  title     = {The Codex General Standard for Food Additivesâ€”A Work in Progress},
  journal   = {International Standards for Food Safety},
  year      = {2000},
  pages     = {171--194},
  owner     = {cindycheng},
  publisher = {Aspen Publishers Inc. Gaithersburg, Maryland},
  timestamp = {2019.09.17},
}

@InBook{randell:2000,
  chapter   = {International Food Standars: The Work of Codex},
  pages     = {3-11},
  title     = {International Standards for Food Safety},
  publisher = {Springer Science \& Business Media},
  year      = {2000},
  author    = {Randell, Alan},
  editor    = {Rees, Naomi and Watson, David},
  owner     = {cindycheng},
  timestamp = {2018.02.20},
}

@Article{faowho:1999,
  author    = {FAO/WHO},
  title     = {Understanding the Codex Alimentarius},
  journal   = {World Health Organization; Food and Agricultural Organization of the United Nations},
  year      = {1999},
  owner     = {cindycheng},
  timestamp = {2018.02.11},
}

@Article{victor:1999,
  author    = {Victor, David G},
  title     = {The Sanitary and Phytosanitary Agreement of the World Trade Organization: An Assessment after Five years},
  journal   = {NYUJ Int'l L. \& Pol.},
  year      = {1999},
  volume    = {32},
  pages     = {865},
  owner     = {cindycheng},
  publisher = {HeinOnline},
  timestamp = {2019.09.17},
}

@InBook{victor:1997,
  chapter   = {The Operation and Effectiveness of the Codex Allimentarius Commission},
  pages     = {175-216},
  title     = {Effective Multilateral Regulation of Industrial Activity: Institutions for Policing and Adjusting Binding and Nonbinding Legal Committments},
  publisher = {MIT},
  year      = {1997},
  author    = {Victor,David},
  editor    = {PhD Thesis},
  owner     = {cindycheng},
  timestamp = {2018.02.12},
}

@Article{dawson:1995,
  author    = {Dawson, Richard J},
  title     = {The Role of the Codex Alimentarius Commission in Setting Food Standards and the SPS Agreement Implementation},
  journal   = {Food Control},
  year      = {1995},
  volume    = {6},
  number    = {5},
  pages     = {261--265},
  owner     = {cindycheng},
  publisher = {Elsevier},
  timestamp = {2019.09.17},
}

@Article{randell:1995,
  author    = {Randell, A.},
  title     = {Codex Alimentarius: How it All Began},
  journal   = {Food, Nutrition, and Agriculture},
  year      = {1995},
  volume    = {14},
  number    = {14},
  pages     = {35:40},
  owner     = {cindycheng},
  timestamp = {2018.02.04},
}

@Book{peaslee:1974,
  title     = {International Governmental Organizations},
  publisher = {BRILL},
  year      = {1974},
  author    = {Peaslee, Amos Jenkins},
  volume    = {1},
  owner     = {cindycheng},
  timestamp = {2019.09.17},
}

@Article{faowho:1963,
  author    = {FAO/WHO},
  title     = {Report of the First Session},
  journal   = {Joint FAO/WHO Codex Alimentarius Commission},
  year      = {1963},
  owner     = {cindycheng},
  timestamp = {2018.02.27},
}

@Article{faowho:1962,
  title     = {Joint Report of the FAO/WHO Conference},
  journal   = {FAO/WHO},
  year      = {1962},
  owner     = {cindycheng},
  timestamp = {2018.02.11},
}

@Article{hart:1952,
  author    = {Hart, F Leslie},
  title     = {A History of the Adulteration of Food before 1906},
  journal   = {Food Drug Cosm. LJ},
  year      = {1952},
  volume    = {7},
  pages     = {5},
  owner     = {cindycheng},
  publisher = {HeinOnline},
  timestamp = {2019.09.17},
}

@Article{agne_etal:2015,
  author    = {Agn{\'e}, Hans and Dellmuth, Lisa Maria and Tallberg, Jonas},
  title     = {Does stakeholder involvement foster democratic legitimacy in international organizations? An empirical assessment of a normative theory},
  journal   = {The Review of International Organizations},
  year      = {2015},
  volume    = {10},
  number    = {4},
  pages     = {465--488},
  publisher = {Springer},
}

@Article{goldbach:2015,
  author    = {Goldbach, Roman},
  title     = {Asymmetric influence in global banking regulation: transnational harmonization, the competition state, and the roots of regulatory failure},
  journal   = {Review of international political economy},
  year      = {2015},
  volume    = {22},
  number    = {6},
  pages     = {1087--1127},
  publisher = {Taylor \& Francis},
}

@Article{perezDuran:2018,
  author    = {P{\'e}rez Dur{\'a}n, Ixchel},
  title     = {Interest group representation in the formal design of European Union agencies},
  journal   = {Regulation \& Governance},
  year      = {2018},
  volume    = {12},
  number    = {2},
  pages     = {238--262},
  publisher = {Wiley Online Library},
}

@Comment{jabref-meta: databaseType:bibtex;}
